%% This BibTeX bibliography file was created using BibDesk.
%% http://bibdesk.sourceforge.net/


%% Created for Loch at 2011-06-01 15:39:19 -0500 


%% Saved with string encoding Unicode (UTF-8) 



@article{Zcheng,
	Author = {Zhiyuan Cheng, James Caverlee, Kyumin Lee},
	Date-Added = {2011-06-01 15:31:10 -0500},
	Date-Modified = {2011-06-01 15:39:19 -0500},
	Journal = {CIKM 2010},
	Month = {October 26-30},
	Title = {You Are Where You Tweet: A Content-Based Approach to Geo-locating Twitter Users},
	Year = {2010}}

@article{bhecht,
	Author = {Brent Hecht, Lichan Hong, Bongwon Suh, Ed H. Chi},
	Date-Added = {2011-06-01 15:28:48 -0500},
	Date-Modified = {2011-06-01 15:39:07 -0500},
	Journal = {CHI 2011},
	Month = {May 7-12},
	Title = {Tweets from Justin Bieber's Heart: The Dynamics of the ``Location'' Field in User Profiles},
	Year = {2011}}

@article{twrob,
	Author = {WAGT Staff},
	Date-Added = {2011-06-01 15:26:29 -0500},
	Date-Modified = {2011-06-01 15:36:23 -0500},
	Journal = {NBC},
	Keywords = {www2.wagt.com/news/2009/jun/03/could-twitter-robbers-get-to-you-ar-682760/},
	Lastchecked = {6/1/2011},
	Title = {Could Twitter Robbers Get to you?},
	Urldate = {6/3/2009},
	Year = {2009}}
